% BibTeX bibliography file

@Article{LeBellac1973,
  author = {{Le Bellac}, M. and L{\'{e}}vy-Leblond, J.},
  title = {{Galilean Electromagnetism}},
  journal = {Il Nuovo Cimento B},
  year = {1973},
  volume = {14},
  number = {2},
  pages = {217--234}
}

@Article{Wisdom1988,
  author = {Wisdom, J. and Tremaine, S.},
  title = {{Local simulations of planetary rings}},
  journal = {The Astronomical Journal},
  year = {1988},
  month = {mar},
  volume = {95},
  pages = {925},
  URL = {http://adsabs.harvard.edu/cgi-bin/bib{\_}query?1988AJ.....95..925W}
}

